
@article{Dean2008,
 author = {Dean, Jeffrey and Ghemawat, Sanjay},
 title = {MapReduce: Simplified Data Processing on Large Clusters},
 journal = {Commun. ACM},
 issue_date = {January 2008},
 volume = {51},
 number = {1},
 month = jan,
 year = {2008},
 issn = {0001-0782},
 pages = {107--113},
 numpages = {7},
 publisher = {ACM},
 address = {New York, NY, USA}}
 
@inproceedings{Sandholm2009,
 author = {Sandholm, Thomas and Lai, Kevin},
 title = {MapReduce Optimization Using Regulated Dynamic Prioritization},
 booktitle = {Proceedings of the Eleventh International Joint Conference on Measurement and Modeling of Computer Systems},
 series = {SIGMETRICS '09},
 year = {2009},
 isbn = {978-1-60558-511-6},
 location = {Seattle, WA, USA},
 pages = {299--310},
 numpages = {12},
 publisher = {ACM},
 address = {New York, NY, USA},
 keywords = {disc, mapreduce, proportional share, resource allocation, workflow optimization}}

@inproceedings{Sandholm2010,
 author = {Sandholm, Thomas and Lai, Kevin},
 title = {Dynamic Proportional Share Scheduling in Hadoop},
 booktitle = {Proceedings of the 15th International Conference on Job Scheduling Strategies for Parallel Processing},
 series = {JSSPP'10},
 year = {2010},
 isbn = {3-642-16504-4, 978-3-642-16504-7},
 location = {Atlanta, GA},
 pages = {110--131},
 numpages = {22},
 address = {Berlin, Heidelberg}}
 
@misc{FairScheduler,
    author = {Hadoop},
    title = {Fair Scheduler},
    year = {2013},
    note = {\url{http://hadoop.apache.org/docs/r1.2.1/fair_scheduler.html}. Ultimo acesso: Agosto 2015}}
    
@misc{CapacityScheduler,
    author = {Hadoop},
    title = {Capacity Scheduler},
    year = {2013},
    note = {\url{http://hadoop.apache.org/docs/r1.2.1/capacity_scheduler.html}. Ultimo acesso: Agosto 2015}}

@misc{Hadoop,
    author = {Apache},
    title = {Apache Hadoop},
    year = {2014},
    note = {\url{http://hadoop.apache.org/docs/r2.6.0/index.html}. Ultimo acesso: Agosto 2015}}
    
@inproceedings{Chen,
    author = {Chen, Quan and Zhang, Daqiang and Guo, Minyi and Deng, Qianni and Guo, Song},
	title = {SAMR: A Self-adaptive MapReduce Scheduling Algorithm in Heterogeneous Environment},
	booktitle = {Proceedings of the 2010 10th IEEE International Conference on Computer and Information Technology},
	series = {CIT '10},
	year = {2010},
	isbn = {978-0-7695-4108-2},
	pages = {2736-2743},
	numpages = {8},
	publisher = {IEEE Computer Society},
	address = {Washington, DC, USA}}

@inproceedings{Isard2009,
	author = {Isard, Michael and Prabhakaran, Vijayan and Currey, Jon and Wieder, Udi and Talwar, Kunal and Goldberg, Andrew},
	title = {Quincy: fair scheduling for distributed computing clusters},
	booktitle = {Proceedings of the ACM SIGOPS 22nd symposium on Operating systems principles},
	series = {SOSP '09},
	year = {2009},
	isbn = {978-1-60558-752-3},
	location = {Big Sky, Montana, USA},
	pages = {261-276},
	numpages = {16},
	publisher = {ACM},
	address = {New York, NY, USA}}
	
@inproceedings{Kumar2012,
	author = {Kumar, K. Arun and Konishetty, Vamshi Krishna and Voruganti, Kaladhar and Rao, G. V. Prabhakara},
	title = {CASH: context aware scheduler for Hadoop},
	booktitle = {Proceedings of the International Conference on Advances in Computing, Communications and Informatics},
	series = {ICACCI '12},
	year = {2012},
	isbn = {978-1-4503-1196-0},
	location = {Chennai, India},
	pages = {52-61},
	numpages = {10},
	address = {New York, NY, USA}}
	
@inproceedings{Rasooli2012,
	author = {Rasooli, Aysan and Down, Douglas G.},
	title = {Coshh: A classification and optimization based scheduler for heterogeneous hadoop systems},
	booktitle = {Proceedings of the 2012 SC Companion: High Performance Computing, Networking Storage and Analysis},
	series = {SCC '12},
	year = {2012},
	isbn = {978-0-7695-4956-9},
	pages = {1284-1291},
	numpages = {8},
	publisher = {IEEE Computer Society},
	address = {Washington, DC, USA}}
	
@inproceedings{Tian2009,
	author = {Tian, Chao and Zhou, Haojie and He, Yongqiang and Zha, Li},
	title = {A Dynamic MapReduce Scheduler for Heterogeneous Workloads},
	booktitle = {Proceedings of the 2009 Eighth International Conference on Grid and Cooperative Computing},
	series = {GCC '09},
	year = {2009},
	isbn = {978-0-7695-3766-5},
	pages = {218-224},
	numpages = {7},
	publisher = {IEEE Computer Society},
	address = {Washington, DC, USA}}

@inproceedings{Zaharia2008,
	author = {Zaharia, Matei and Konwinski, Andy and Joseph, Anthony D. and Katz, Randy and Stoica, Ion},
	title = {Improving MapReduce performance in heterogeneous environments},
	booktitle = {Proceedings of the 8th USENIX conference on Operating systems design and implementation},
	series = {OSDI'08},
	year = {2008},
	location = {San Diego, California},
	pages = {29-42},
	numpages = {14},
	publisher = {USENIX Association},
	address = {Berkeley, CA, USA}}
	
@misc{G5k,
	author = {{Grid 5000}},
	title = {Grid 5000},
	year = {2013},
	note = {\url{https://www.grid5000.fr/}. Ultimo acesso: Agosto 2015}}

@inproceedings{Xie2010,
	author = {Jiong Xie and Xiaojun Ruan and Zhiyang Ding and Yun Tian and James Majors and Adam Manzanares and Shu Yin and Xiao Qin},
    booktitle = {Parallel and Distributed Processing, Workshops and Phd Forum (IPDPSW)},
    title = {Improving MapReduce performance through data placement in heterogeneous Hadoop clusters},

    	location = {Atlanta, GA},
    year = {2010}}
    
@misc{PER-MARE,
    author = {{STIC-AmSud}},
    title = {{PER-MARE} project},
    year = {2014},
    note = {\url{http://cosy.univ-reims.fr/PER-MARE}. Ultimo acesso: Agosto 2015}}

@misc{Oracle,
	author = {Oracle},
	title = {Overview of Java SE Monitoring and Management},
	year = {2014},
	note = {\url{http://docs.oracle.com/javase/7/docs/technotes/guides/management/overview.html}, . Ultimo acesso: Agosto 2015}}

@article{Marozzo2012,
 author = {Marozzo, Fabrizio and Talia, Domenico and Trunfio, Paolo},
 title = {P2P-MapReduce: Parallel Data Processing in Dynamic Cloud Environments},
 journal = {J. Comput. Syst. Sci.},
 issue_date = {September, 2012},
 volume = {78},
 number = {5},
 month = sep,
 year = {2012},
 issn = {0022-0000},
 pages = {1382--1402},
 numpages = {21},
 publisher = {Academic Press, Inc.},
 address = {Orlando, FL, USA}}
 
@inproceedings{3PGCIC,
 author = {Steffenel, Luiz Angelo and Flauzac, Olivier and Char\~ao, Andrea Schwertner and Barcelos, Patricia Pitthan and Stein, Benhur and Nesmachnow, Sergio and Pinheiro, Manuele Kirsch and Diaz, Daniel},
 title = {PER-MARE: Adaptive Deployment of MapReduce over Pervasive Grids},
 booktitle = {Proceedings of the 2013 Eighth International Conference on P2P, Parallel, Grid, Cloud and Internet Computing},
 series = {3PGCIC '13},
 year = {2013},
 isbn = {978-0-7695-5094-7},
 pages = {17--24},
 numpages = {8},
 publisher = {IEEE Computer Society},
 address = {Washington, DC, USA}}
 
@inproceedings{Nascimento,
 author = {Nascimento, Aline P. and Boeres, Cristina and Rebello, Vinod E. F.},
 title = {Dynamic Self-scheduling for Parallel Applications with Task Dependencies},
 booktitle = {Proceedings of the 6th International Workshop on MGC},
 series = {MGC '08},
 year = {2008},
 isbn = {978-1-60558-365-5},
 location = {Leuven, Belgium},
 pages = {1:1--1:6},
 articleno = {1},
 numpages = {6},
 address = {New York, NY, USA}}
 
@incollection{Parashar,
	Author = {M. Parashar and J.-M. Pierson},
	Booktitle = {Handbook of Research on Scalable Computing Technologies},
	Date-Added = {2013-06-20 07:39:01 +0000},
	Date-Modified = {2013-06-20 07:39:01 +0000},
	Doi = {10.4018/978-1-60566-661-7.ch002},
	Editor = {Kuan-Ching Li and Ching-Hsien Hsu and Laurence Tianruo Yang and Jack Dongarra and Hans Zima},
	Isbn = {978-160566661-7},
	Language = {English},
	Pages = {14-30},
	Publisher = {IGI Global},
	Title = {Pervasive Grids: Challenges and Opportunities},
	Year = {2010},
	Bdsk-Url-1 = {http://dx.doi.org/10.4018/978-1-60566-661-7.ch002}}

@article{Baldauf,
	author = {Baldauf, Matthias and Dustdar, Schahram and Rosenberg, Florian},
	title = {A survey on context-aware systems},
	journal = {Int. J. Ad Hoc Ubiquitous Comput.},
	issue_date = {June 2007},
	volume = {2},
	number = {4},
	month = jun,
	year = {2007},
	issn = {1743-8225},
	pages = {263-277},
	numpages = {15},
	publisher = {Inderscience Publishers},
	address = {Inderscience Publishers, Geneva, SWITZERLAND}}
	
@article{Maamar,
	author = {Maamar, Zakaria and Benslimane, Djamal and Narendra, Nanjangud C.},
	title = {What can context do for web services?},
	journal = {Commun. ACM},
	issue_date = {December 2006},
	volume = {49},
	number = {12},
	month = dec,
	year = {2006},
	issn = {0001-0782},
	pages = {98-103},
	numpages = {6},
	publisher = {ACM},
	address = {New York, NY, USA}}
	
@inproceedings{Henzinger,
 author = {Henzinger, Thomas A. and Singh, Vasu and Wies, Thomas and Zufferey, Damien},
 title = {Scheduling Large Jobs by Abstraction Refinement},
 booktitle = {Proceedings of the Sixth Conference on Computer Systems},
 series = {EuroSys '11},
 year = {2011},
 isbn = {978-1-4503-0634-8},
 location = {Salzburg, Austria},
 pages = {329--342},
 numpages = {14},
 url = {http://doi.acm.org/10.1145/1966445.1966476},
 doi = {10.1145/1966445.1966476},
 acmid = {1966476},
 publisher = {ACM},
 address = {New York, NY, USA},
 keywords = {abstraction refinement, data centers, scheduling}}
 
@article{Bossi,
 author = {Bossi, Annalisa and Etalle, Sandro and Rossi, Sabina and Smaus, Jan-Georg},
 title = {Termination of Simply Moded Logic Programs with Dynamic Scheduling},
 journal = {ACM Trans. Comput. Logic},
 issue_date = {July 2004},
 volume = {5},
 number = {3},
 month = jul,
 year = {2004},
 issn = {1529-3785},
 pages = {470--507},
 numpages = {38},
 url = {http://doi.acm.org/10.1145/1013560.1013564},
 doi = {10.1145/1013560.1013564},
 acmid = {1013564},
 publisher = {ACM},
 address = {New York, NY, USA},
 keywords = {Logic programs, dynamic scheduling, simply moded, termination}}


@inproceedings{Hunt2010,
	author = {Hunt, Patrick and Konar, Mahadev and Junqueira, Flavio P. and Reed, Benjamin},
	title = {ZooKeeper: Wait-free Coordination for Internet-scale Systems},
	booktitle = {Proceedings of the USENIX Annual Technical Conference},
	year = {2010},
	address = {Boston, MA},
	pages = {11--11}, 
	url = {http://dl.acm.org/citation.cfm?id=1855840.1855851},
	publisher = {USENIX Association},
	address = {Berkeley, CA, USA},
}

@INCOLLECTION {Parashar2010,
	author = {M. Parashar and J.-M. Pierson },
	title = {Pervasive Grids: Challenges and Opportunities},
	booktitle = {Handbook of Research on Scalable Computing Technologies},
	publisher = {IGI Global},
	year = {2010},
	isbn = {978-160566661-7},
	language = {English},
	doi = {10.4018/978-1-60566-661-7.ch002},  
	editor = {K. Li and C. Hsu and L. Yang and J. Dongarra and H. Zima},
	pages = { 14-30 },
}

@inproceedings{UBICOMM2014,
	author = {Cassales, G.W. and Charao, A. and Kirsch-Pinheiro, M. and  Souveyet, C. and Steffenel, L.A.},
	title = {Bringing Context to Apache Hadoop},
	booktitle = {8th International Conference on Mobile Ubiquitous Computing},
	year = {2014},
	address = {Rome, Italy}
}

@INPROCEEDINGS{Hibench, 
author={Shengsheng Huang and Jie Huang and Jinquan Dai and Tao Xie and Bo Huang}, 
booktitle={Data Engineering Workshops (ICDEW), 2010 IEEE 26th International Conference on}, 
title={The HiBench benchmark suite: Characterization of the MapReduce-based data analysis}, 
year={2010}, 
pages={41-51}, 
keywords={Java;data analysis;public domain software;HDFS bandwidth;Hadoop characterization;HiBench benchmark suite;MapReduce based data analysis;data access patterns;open source implementation;Bandwidth;Cloud computing;Data analysis;Explosives;Fault tolerance;Large-scale systems;Open source software;Personal communication networks;Resource management;Throughput}, 
doi={10.1109/ICDEW.2010.5452747}, 
month={March}
}