@misc{Apache,
    author = {{Apache}},
    title = {The Apache Software Foundation},
    year = {2013},
    note = {\url{http://www.apache.org}, Accessed August 2013}
}
@misc{Hadoop,
    author = {{Apache Hadoop}},
    title = {Apache™ Hadoop®},
    year = {2013},
    note = {\url{http://hadoop.apache.org/}, Accessed August 2013}
}
@misc{Nutch,
    author = {{Apache Nutch}},
    title = {Apache Nutch™},
    year = {2013},
    note = {\url{http://nutch.apache.org}, Acesso August 2013}
}
@inproceedings{SAMR,
    author = {Chen, Quan and Zhang, Daqiang and Guo, Minyi and Deng, Qianni and Guo, Song},
	title = {SAMR: A Self-adaptive MapReduce Scheduling Algorithm in Heterogeneous Environment},
	booktitle = {Proceedings of the 2010 10th IEEE International Conference on Computer and Information Technology},
	series = {CIT '10},
	year = {2010},
	isbn = {978-0-7695-4108-2},
	pages = {2736-2743},
	numpages = {8},
	publisher = {IEEE Computer Society},
	address = {Washington, DC, USA}
}
@misc{FairScheduler,
    author = {{Fair Scheduler}},
    title = {Hadoop MapReduce Next Generation - Fair Scheduler},
    year = {2013},
    note = {\url{http://hadoop.apache.org/docs/current/hadoop-yarn/hadoop-yarn-site/FairScheduler.html}, Accessed August 2013}
}
@misc{Google,
    author = {{Google}},
    title = {Google},
    year = {2013},
    note = {\url{http://www.google.com/intl/pt-BR/about/company/}, Accessed August 2013}
}
@inproceedings{Quincy,
	author = {Isard, Michael and Prabhakaran, Vijayan and Currey, Jon and Wieder, Udi and Talwar, Kunal and Goldberg, Andrew},
	title = {Quincy: fair scheduling for distributed computing clusters},
	booktitle = {Proceedings of the ACM SIGOPS 22nd symposium on Operating systems principles},
	series = {SOSP '09},
	year = {2009},
	isbn = {978-1-60558-752-3},
	location = {Big Sky, Montana, USA},
	pages = {261-276},
	numpages = {16},
	publisher = {ACM},
	address = {New York, NY, USA}
}
@inproceedings{CASH,
	author = {Kumar, K. Arun and Konishetty, Vamshi Krishna and Voruganti, Kaladhar and Rao, G. V. Prabhakara},
	title = {CASH: context aware scheduler for Hadoop},
	booktitle = {Proceedings of the International Conference on Advances in Computing, Communications and Informatics},
	series = {ICACCI '12},
	year = {2012},
	isbn = {978-1-4503-1196-0},
	location = {Chennai, India},
	pages = {52-61},
	numpages = {10},
	publisher = {ACM},
	address = {New York, NY, USA}
}
@inproceedings{COSHH,
	author = {Rasooli, Aysan and Down, Douglas G.},
	title = {Coshh: A classification and optimization based scheduler for heterogeneous hadoop systems},
	booktitle = {Proceedings of the 2012 SC Companion: High Performance Computing, Networking Storage and Analysis},
	series = {SCC '12},
	year = {2012},
	isbn = {978-0-7695-4956-9},
	pages = {1284-1291},
	numpages = {8},
	publisher = {IEEE Computer Society},
	address = {Washington, DC, USA}
}
@inproceedings{DMRSHW,
	author = {Tian, Chao and Zhou, Haojie and He, Yongqiang and Zha, Li},
	title = {A Dynamic MapReduce Scheduler for Heterogeneous Workloads},
	booktitle = {Proceedings of the 2009 Eighth International Conference on Grid and Cooperative Computing},
	series = {GCC '09},
	year = {2009},
	isbn = {978-0-7695-3766-5},
	pages = {218-224},
	numpages = {7},
	publisher = {IEEE Computer Society},
	address = {Washington, DC, USA}
}
@misc{Yahoo,
    author = {{Yahoo}},
    title = {Yahoo},
    year = {2013},
    note = {\url{http://info.yahoo.com/}, Accessed August 2013}
}
@inproceedings{LATE,
	author = {Zaharia, Matei and Konwinski, Andy and Joseph, Anthony D. and Katz, Randy and Stoica, Ion},
	title = {Improving MapReduce performance in heterogeneous environments},
	booktitle = {Proceedings of the 8th USENIX conference on Operating systems design and implementation},
	series = {OSDI'08},
	year = {2008},
	location = {San Diego, California},
	pages = {29-42},
	numpages = {14},
	publisher = {USENIX Association},
	address = {Berkeley, CA, USA}
}
@misc{G5k,
	author = {{Grid 5000}},
	title = {Grid 5000},
	year = {2013},
	note = {\url{https://www.grid5000.fr/}, Accessed August 2013}
}
@inproceedings{IMRPDPHHC,
	author = {Jiong Xie and Xiaojun Ruan and Zhiyang Ding and Yun Tian and James Majors and Adam Manzanares and Shu Yin and Xiao Qin},
    booktitle = {Parallel and Distributed Processing, Workshops and Phd Forum (IPDPSW)},
    title = {Improving MapReduce performance through data placement in heterogeneous Hadoop clusters},
    publisher = {IEEE International Symposium},
    	location = {Atlanta, GA},
    year = {2010}
}
@techreport{Manuele,
	author = {{Kirsch-Pinheiro, M. and  Steffenel, L. A.}},
    institution = {STIC-AmSud PER-MARE, Université Paris 1, Université de Reims},
    title = {Requirements for Context-aware MapReduce on Pervasive Grids},
    year = {2013}
}

@article{Baldauf,
	author = {Baldauf, Matthias and Dustdar, Schahram and Rosenberg, Florian},
	title = {A survey on context-aware systems},
	journal = {Int. J. Ad Hoc Ubiquitous Comput.},
	issue_date = {June 2007},
	volume = {2},
	number = {4},
	month = jun,
	year = {2007},
	issn = {1743-8225},
	pages = {263-277},
	numpages = {15},
	publisher = {Inderscience Publishers},
	address = {Inderscience Publishers, Geneva, SWITZERLAND}
}
@article{Dey,
    author = {Dey, Anind K.},
	title = {Understanding and Using Context},
	journal = {Personal Ubiquitous Comput.},
	issue_date = {February 2001},
	volume = {5},
	number = {1},
	month = jan,
	year = {2001},
	issn = {1617-4909},
	pages = {4-7},
	numpages = {4},
	publisher = {Springer-Verlag},
	address = {London, UK, UK},
}
@misc{Maven,
	author = {{Apache Maven}},
    title = {Apache Maven Project},
    year = {2013},
    note = {\url{http://maven.apache.org/}, Accessed August 2013}
}
@misc{protobuff,
	author = {{Protocol Buffers}},
    title = {Protocol Buffers},
    year = {2013},
    note = {\url{https://code.google.com/p/protobuf/}, Accessed August 2013}
}
@misc{IDEA,
	author = {{jetBrains}},
    title = {IntelliJ IDEA},
    year = {2013},
    note = {\url{http://www.jetbrains.com/idea/}, Accessed August 2013}
}
@misc{HDFS,
	author = {Apache Hadoop},
    title = {Arquitetura do HDFS},
    year = {2013},
    note = {\url{http://hadoop.apache.org/docs/current/hadoop-project-dist/hadoop-hdfs/Federation.html}, Accessed November 2013}
}
@misc{YARN,
	author = {Apache Hadoop},
    title = {Arquitetura do YARN},
    year = {2013},
    note = {\url{http://hadoop.apache.org/docs/current/hadoop-yarn/hadoop-yarn-site/YARN.html}, Accessed November 2013}
}
@inproceedings{PER-MARE,
	author = {Steffenel, L. A. and Flauzac, O. and Charao, A. S. and Barcelos, P. P. A. and Stein, B. O. and Nesmachnow, S. and Kirsch-Pinheiro, M. and Diaz, D.},
    booktitle = {In proceeding of: 8th International Conference on P2P, Parallel, Grid, Cloud and Internet Computing},
    title = {PER-MARE: Adaptive Deployment of MapReduce over Pervasive Grids},
    series = {3PGCIC'13},
    year = {2013}
}
@misc{HortonRM,
    author = {{HortonWorks}},
    title = {HortonWorks Hadoop YARN - ResourceManager},
    year = {2014},
    note = {\url{http://hortonworks.com/blog/apache-hadoop-yarn-resourcemanager/}, Accessed January 2014}
}
@misc{HortonNM,
    author = {{HortonWorks}},
    title = {HortonWorks Hadoop YARN - NodeManager},
    year = {2014},
    note = {\url{http://hortonworks.com/blog/apache-hadoop-yarn-nodemanager/}, Accessed January 2014}
}
@misc{Collector,
    author = {{Kirsch-Pinheiro, M.}},
    title = {CaptureDonnees},
    year = {2013},
    note = {\url{http://per-mare.googlecode.com/svn/trunk/permare-ctx/}, Accessed December 2013}
}
@misc{HadoopWizard,
    author = {{HadoopWizard}},
    title = {Which Big Data Company has the World’s Biggest Hadoop Cluster?},
    year = {2014},
    note = {\url{http://www.hadoopwizard.com/which-big-data-company-has-the-worlds-biggest-hadoop-cluster/}, Accessed January 2014}
}
@misc{MXBean,
    author = {{Oracle}},
    title = {Interface OperatingSystemMXBean},
    year = {2014},
    note = {\url{http://docs.oracle.com/javase/7/docs/api/java/lang/management/OperatingSystemMXBean.html}, Accessed January 2014}
}

@inproceedings{Dean,
 author = {Dean, Jeffrey and Ghemawat, Sanjay},
 title = {MapReduce: Simplified Data Processing on Large Clusters},
 booktitle = {Proceedings of the 6th Conference on Symposium on Opearting Systems Design \& Implementation - Volume 6},
 series = {OSDI'04},
 year = {2004},
 location = {San Francisco, CA},
 pages = {10--10},
 numpages = {1},
 url = {http://dl.acm.org/citation.cfm?id=1251254.1251264},
 acmid = {1251264},
 publisher = {USENIX Association},
 address = {Berkeley, CA, USA}
} 

@inproceedings{Vavilapalli,
 author = {Vavilapalli, Vinod Kumar and Murthy, Arun C. and Douglas, Chris and Agarwal, Sharad and Konar, Mahadev and Evans, Robert and Graves, Thomas and Lowe, Jason and Shah, Hitesh and Seth, Siddharth and Saha, Bikas and Curino, Carlo and O'Malley, Owen and Radia, Sanjay and Reed, Benjamin and Baldeschwieler, Eric},
 title = {Apache Hadoop YARN: Yet Another Resource Negotiator},
 booktitle = {Proceedings of the 4th Annual Symposium on Cloud Computing},
 series = {SOCC '13},
 year = {2013},
 isbn = {978-1-4503-2428-1},
 location = {Santa Clara, California},
 pages = {5:1--5:16},
 articleno = {5},
 numpages = {16},
 url = {http://doi.acm.org/10.1145/2523616.2523633},
 doi = {10.1145/2523616.2523633},
 acmid = {2523633},
 publisher = {ACM},
 address = {New York, NY, USA}
} 

@inproceedings{Pham,
 author = {Pham, Cuong Manh and Dogaru, Victor and Wagle, Rohit and Venkatramani, Chitra and Kalbarczyk, Zbigniew and Iyer, Ravishankar},
 title = {An Evaluation of Zookeeper for High Availability in System S},
 booktitle = {Proceedings of the 5th ACM/SPEC International Conference on Performance Engineering},
 series = {ICPE '14},
 year = {2014},
 isbn = {978-1-4503-2733-6},
 location = {Dublin, Ireland},
 pages = {209--217},
 numpages = {9},
 url = {http://doi.acm.org/10.1145/2568088.2576801},
 doi = {10.1145/2568088.2576801},
 acmid = {2576801},
 publisher = {ACM},
 address = {New York, NY, USA},
 keywords = {distribute systems, distributed coordination, high availability, stream processing}
} 

@inproceedings{Li,
 author = {Li, Changlong and Zhuang, Hang and Lu, Kun and Sun, Mingming and Zhou, Jinhong and Dai, Dong and Zhou, Xuehai},
 title = {An Adaptive Auto-configuration Tool for Hadoop},
 booktitle = {Proceedings of the 2014 19th International Conference on Engineering of Complex Computer Systems},
 series = {ICECCS '14},
 year = {2014},
 isbn = {978-1-4799-5482-7},
 pages = {69--72},
 numpages = {4},
 url = {http://dx.doi.org/10.1109/ICECCS.2014.17},
 doi = {10.1109/ICECCS.2014.17},
 acmid = {2680801},
 publisher = {IEEE Computer Society},
 address = {Washington, DC, USA},
 keywords = {Hadoop, Auto-Configuration, Self-Learning}
} 

@article{Dean2008,
 author = {Dean, Jeffrey and Ghemawat, Sanjay},
 title = {MapReduce: Simplified Data Processing on Large Clusters},
 journal = {Commun. ACM},
 issue_date = {January 2008},
 volume = {51},
 number = {1},
 month = jan,
 year = {2008},
 issn = {0001-0782},
 pages = {107--113},
 numpages = {7},
 publisher = {ACM},
 address = {New York, NY, USA}
}	
 
 	
@inproceedings{Kumar2012,
	author = {Kumar, K. Arun and Konishetty, Vamshi Krishna and Voruganti, Kaladhar and Rao, G. V. Prabhakara},
	title = {CASH: context aware scheduler for Hadoop},
	booktitle = {Proceedings of the International Conference on Advances in Computing, Communications and Informatics},
	series = {ICACCI '12},
	year = {2012},
	isbn = {978-1-4503-1196-0},
	location = {Chennai, India},
	pages = {52-61},
	numpages = {10},
	publisher = {ACM},
	address = {New York, NY, USA}
}

@inproceedings{Nascimento,
 author = {Nascimento, Aline P. and Boeres, Cristina and Rebello, Vinod E. F.},
 title = {Dynamic Self-scheduling for Parallel Applications with Task Dependencies},
 booktitle = {Proceedings of the 6th International Workshop on Middleware for Grid Computing},
 series = {MGC '08},
 year = {2008},
 isbn = {978-1-60558-365-5},
 location = {Leuven, Belgium},
 pages = {1:1--1:6},
 articleno = {1},
 numpages = {6},
 publisher = {ACM},
 address = {New York, NY, USA}
}

@INCOLLECTION {Parashar2010,
	author = {M. Parashar and J.-M. Pierson },
	title = {Pervasive Grids: Challenges and Opportunities},
	booktitle = {Handbook of Research on Scalable Computing Technologies},
	publisher = {IGI Global},
	year = {2010},
	isbn = {978-160566661-7},
	language = {English},
	doi = {10.4018/978-1-60566-661-7.ch002},  
	editor = {K. Li and C. Hsu and L. Yang and J. Dongarra and H. Zima},
	pages = { 14-30 }
}

@inproceedings{Zaharia2008,
	author = {Zaharia, Matei and Konwinski, Andy and Joseph, Anthony D. and Katz, Randy and Stoica, Ion},
	title = {Improving MapReduce performance in heterogeneous environments},
	booktitle = {Proceedings of the 8th USENIX conference on Operating systems design and implementation},
	series = {OSDI'08},
	year = {2008},
	location = {San Diego, California},
	pages = {29-42},
	numpages = {14},
	publisher = {USENIX Association},
	address = {Berkeley, CA, USA}
}

@inproceedings{Rasooli2012,
	author = {Rasooli, Aysan and Down, Douglas G.},
	title = {Coshh: A classification and optimization based scheduler for heterogeneous hadoop systems},
	booktitle = {Proceedings of the 2012 SC Companion: High Performance Computing, Networking Storage and Analysis},
	series = {SCC '12},
	year = {2012},
	isbn = {978-0-7695-4956-9},
	pages = {1284-1291},
	numpages = {8},
	publisher = {IEEE Computer Society},
	address = {Washington, DC, USA}
}

@inproceedings{Sandholm2010,
 author = {Sandholm, Thomas and Lai, Kevin},
 title = {Dynamic Proportional Share Scheduling in Hadoop},
 booktitle = {Proceedings of the 15th International Conference on Job Scheduling Strategies for Parallel Processing},
 series = {JSSPP'10},
 year = {2010},
 isbn = {3-642-16504-4, 978-3-642-16504-7},
 location = {Atlanta, GA},
 pages = {110--131},
 numpages = {22},
 publisher = {Springer-Verlag},
 address = {Berlin, Heidelberg}
}

@inproceedings{Sandholm2009,
 author = {Sandholm, Thomas and Lai, Kevin},
 title = {MapReduce Optimization Using Regulated Dynamic Prioritization},
 booktitle = {Proceedings of the Eleventh International Joint Conference on Measurement and Modeling of Computer Systems},
 series = {SIGMETRICS '09},
 year = {2009},
 isbn = {978-1-60558-511-6},
 location = {Seattle, WA, USA},
 pages = {299--310},
 numpages = {12},
 publisher = {ACM},
 address = {New York, NY, USA},
 keywords = {disc, mapreduce, proportional share, resource allocation, workflow optimization}
}

@inproceedings{3PGCIC,
 author = {Steffenel, Luiz Angelo and Flauzac, Olivier and Char\~ao, Andrea Schwertner and Barcelos, Patricia Pitthan and Stein, Benhur and Nesmachnow, Sergio and Pinheiro, Manuele Kirsch and Diaz, Daniel},
 title = {PER-MARE: Adaptive Deployment of MapReduce over Pervasive Grids},
 booktitle = {Proceedings of the 2013 Eighth International Conference on P2P, Parallel, Grid, Cloud and Internet Computing},
 series = {3PGCIC '13},
 year = {2013},
 isbn = {978-0-7695-5094-7},
 pages = {17--24},
 numpages = {8},
 publisher = {IEEE Computer Society},
 address = {Washington, DC, USA}
}

@misc{CapacityScheduler,
    author = {Hadoop},
    title = {Capacity Scheduler},
    year = {2013},
    note = {\url{https://hadoop.apache.org/docs/r2.6.0/hadoop-yarn/hadoop-yarn-site/CapacityScheduler.html}, Último acesso: Dezembro 2015}
}

@inproceedings{Hunt2010,
	author = {Hunt, Patrick and Konar, Mahadev and Junqueira, Flavio P. and Reed, Benjamin},
	title = {ZooKeeper: Wait-free Coordination for Internet-scale Systems},
	booktitle = {Proceedings of the USENIX Annual Technical Conference},
	year = {2010},
	address = {Boston, MA},
	pages = {11--11}, 
	url = {http://dl.acm.org/citation.cfm?id=1855840.1855851},
	publisher = {USENIX Association}
}

@misc{TeraSort2008,
	Author = {James Hamilton},
	Month = {Jul},
	Note = {\url{http://perspectives.mvdirona.com/2008/07/hadoop-wins-terasort/}, Last access: September 2015},
	Title = {Hadoop Wins TeraSort},
	Year = {2008}
}

@inproceedings{Benchmarks,
	Author = {Li, J. and Qingyang Wang and Jayasinghe, D. and Junhee Park and Tao Zhu and Pu, C.},
	Booktitle = {Big Data (BigData Congress), 2013 IEEE International Congress on},
	Doi = {10.1109/BigData.Congress.2013.11},
	Keywords = {cloud computing;parallel programming;virtual machines;virtualisation;Hadoop MapReduce benchmark;KVM hypervisor;TeraSort benchmark;TestDSFIO benchmark;VM placement;Word Count benchmark;Xen hypervisor;cloud environment;commercial hypervisor;performance overhead;virtual machine;workload size;workload type;Benchmark testing;Market research;Radio access networks;Throughput;Virtual machine monitors;Virtual machining;Virtualization;hadoop;hypervisors;mapreduce;performance comparison;virtualization},
	Month = {June},
	Pages = {9-16},
	Title = {Performance Overhead among Three Hypervisors: An Experimental Study Using Hadoop Benchmarks},
	Year = {2013},
	Bdsk-Url-1 = {http://dx.doi.org/10.1109/BigData.Congress.2013.11}
}

@inproceedings{HiBench,
	Author = {Shengsheng Huang and Jie Huang and Jinquan Dai and Tao Xie and Bo Huang},
	Booktitle = {Data Engineering Workshops (ICDEW), 2010 IEEE 26th International Conference on},
	Doi = {10.1109/ICDEW.2010.5452747},
	Keywords = {Java;data analysis;public domain software;HDFS bandwidth;Hadoop characterization;HiBench benchmark suite;MapReduce based data analysis;data access patterns;open source implementation;Bandwidth;Cloud computing;Data analysis;Explosives;Fault tolerance;Large-scale systems;Open source software;Personal communication networks;Resource management;Throughput},
	Month = {March},
	Pages = {41-51},
	Title = {The HiBench benchmark suite: Characterization of the MapReduce-based data analysis},
	Year = {2010},
	Bdsk-Url-1 = {http://dx.doi.org/10.1109/ICDEW.2010.5452747}
}

@inproceedings{Su,
 author = {Su, Xueyuan and Swart, Garret},
 title = {Oracle In-database Hadoop: When Mapreduce Meets RDBMS},
 booktitle = {Proceedings of the 2012 ACM SIGMOD International Conference on Management of Data},
 series = {SIGMOD '12},
 year = {2012},
 isbn = {978-1-4503-1247-9},
 location = {Scottsdale, Arizona, USA},
 pages = {779--790},
 numpages = {12},
 url = {http://doi.acm.org/10.1145/2213836.2213955},
 doi = {10.1145/2213836.2213955},
 acmid = {2213955},
 publisher = {ACM},
 address = {New York, NY, USA},
 keywords = {hadoop, mapreduce, parallel query execution}
} 

@article{Maamar,
	Address = {New York, NY, USA},
	Author = {Maamar, Zakaria and Benslimane, Djamal and Narendra, Nanjangud C.},
	Issn = {0001-0782},
	Issue_Date = {December 2006},
	Journal = {Commun. ACM},
	Month = dec,
	Number = {12},
	Numpages = {6},
	Pages = {98-103},
	Publisher = {ACM},
	Title = {What can context do for web services?},
	Volume = {49},
	Year = {2006}
}

@misc{AmazonEC2,
    author = {Amazon EC2},
    title = {Amazon Elastic Compute Cloud},
    year = {2015},
    note = {\url{https://aws.amazon.com/pt/ec2/}, último acesso Dezembro 2015}
}

@misc{tg,
 author  = {Cassales, G. W. and Charao, A.},
 title   = {DESENVOLVIMENTO DE UM ESCALONADOR SENSÍVEL AO CONTEXTO PARA O APACHE HADOOP},
 note    = {Monografia (Bacharel em Informática), UFSM (Universidade Federal de Santa Maria), Santa Maria, Brasil},
 year    = {2013}
}

@book{BookHadoop,
 author = {White, Tom},
 title = {Hadoop: The Definitive Guide},
 year = {2012},
 isbn = {0596521979, 9780596521974},
 edition = {3rd},
 publisher = {O'Reilly Media, Inc.},
} 
